<record><leader>00000cas a22000007a 4500</leader><controlfield tag="001">26953160</controlfield><controlfield tag="008">921111d18741879mouwr ne      0    0eng d</controlfield><datafield ind1=" " ind2=" " tag="010"><subfield code="a">sn 92058942 </subfield></datafield><datafield ind1=" " ind2=" " tag="040"><subfield code="a">MQN</subfield><subfield code="b">eng</subfield><subfield code="c">MQN</subfield><subfield code="d">OCLCQ</subfield><subfield code="d">OCLCG</subfield><subfield code="d">OCLCQ</subfield><subfield code="d">OCLCF</subfield><subfield code="d">OCLCO</subfield></datafield><datafield ind1="1" ind2=" " tag="029"><subfield code="a">AU@</subfield><subfield code="b">000020720023</subfield></datafield><datafield ind1=" " ind2=" " tag="042"><subfield code="a">msc</subfield></datafield><datafield ind1=" " ind2=" " tag="043"><subfield code="a">n-us-mo</subfield></datafield><datafield ind1="0" ind2="4" tag="245"><subfield code="a">The Saint Louis Presbyterian and the Memphis Presbyterian.</subfield></datafield><datafield ind1="1" ind2="3" tag="246"><subfield code="a">St. Louis Presbyterian and the Memphis Presbyterian</subfield></datafield><datafield ind1=" " ind2=" " tag="260"><subfield code="a">St. Louis, Mo. :</subfield><subfield code="b">Presbyterian Publication Co. of St. Louis</subfield></datafield><datafield ind1=" " ind2=" " tag="300"><subfield code="a">v.</subfield></datafield><datafield ind1=" " ind2=" " tag="310"><subfield code="a">Weekly</subfield></datafield><datafield ind1="0" ind2=" " tag="362"><subfield code="a">Vol. 9, no. 39 (Nov. 27, 1874)-v. 14, no. 3 (Mar. 28, 1879) = Whole no. 447-whole no. 672.</subfield></datafield><datafield ind1=" " ind2=" " tag="500"><subfield code="a">Called also after January 1876: St. Louis Presbyterian and the Memphis Presbyterian.</subfield></datafield><datafield ind1=" " ind2=" " tag="500"><subfield code="a">Ed. by Robert P. Farris, A.H. Kerr, and A. Shotwell.</subfield></datafield><datafield ind1=" " ind2=" " tag="550"><subfield code="a">Organ of the Synod of Missouri, Presbyterian Church.</subfield></datafield><datafield ind1=" " ind2="0" tag="650"><subfield code="a">Presbyterian Church</subfield><subfield code="z">Missouri</subfield><subfield code="v">Newspapers.</subfield></datafield><datafield ind1=" " ind2="4" tag="651"><subfield code="a">Saint Louis (Mo.)</subfield><subfield code="v">Newspapers.</subfield></datafield><datafield ind1=" " ind2="4" tag="651"><subfield code="a">Memphis (Tenn.)</subfield><subfield code="v">Newspapers.</subfield></datafield><datafield ind1=" " ind2="7" tag="655"><subfield code="a">Newspapers.</subfield><subfield code="2">fast</subfield><subfield code="0">(OCoLC)fst01423814</subfield></datafield><datafield ind1=" " ind2="7" tag="650"><subfield code="a">Presbyterian Church.</subfield><subfield code="2">fast</subfield><subfield code="0">(OCoLC)fst01075515</subfield></datafield><datafield ind1=" " ind2="7" tag="651"><subfield code="a">Missouri.</subfield><subfield code="2">fast</subfield><subfield code="0">(OCoLC)fst01204724</subfield></datafield><datafield ind1="1" ind2=" " tag="700"><subfield code="a">Farris, Robert P.</subfield><subfield code="q">(Robert Perry),</subfield><subfield code="d">1826-1903.</subfield></datafield><datafield ind1="1" ind2=" " tag="700"><subfield code="a">Shotwell, Albert,</subfield><subfield code="d">1846-1898.</subfield></datafield><datafield ind1="1" ind2=" " tag="700"><subfield code="a">Kerr, A. H.</subfield><subfield code="q">(Andrew Hart),</subfield><subfield code="d">1826-1903.</subfield></datafield><datafield ind1="2" ind2=" " tag="710"><subfield code="a">Presbyterian Church in the U.S.</subfield><subfield code="b">Synod of Missouri.</subfield></datafield><datafield ind1=" " ind2=" " tag="752"><subfield code="a">United States</subfield><subfield code="b">Missouri</subfield><subfield code="d">Saint Louis.</subfield></datafield><datafield ind1="0" ind2="4" tag="780"><subfield code="t">Saint Louis Presbyterian (Saint Louis, Mo. : 1874)</subfield><subfield code="w">(DLC)sn 93060162</subfield></datafield><datafield ind1="0" ind2="4" tag="780"><subfield code="t">Memphis Presbyterian</subfield><subfield code="w">(OCoLC)11064721</subfield></datafield><datafield ind1="0" ind2="0" tag="785"><subfield code="t">St. Louis Presbyterian (Saint Louis, Mo. : 1879)</subfield><subfield code="w">(DLC)sn 92058944</subfield></datafield></record>